@String{pub-AW          = "Ad{\-d}i{\-s}on-Wes{\-l}ey"} 
@String{pub-AW:adr      = "Reading, MA, USA"}

@Book{Donald,
  author =       "Donald E. Knuth",
  title =        "The {\TeX}book",
  publisher =    pub-AW,
  address =      pub-AW:adr,
  year =         "1986"
}

@Book{Angular,
	author =       "Pablo Deeleman",
	title =        "Learning Angular 2",
	publisher =    "Packt Publishing Ltd.",
	address =      "Birmingham, 35 Livery Street B3 2PB, UK",
	year =         "2016"
}

@Book{TypeScript,
	author =       "Christopher Nance",
	title =        "TypeScript Essentials",
	publisher =    "Packt Publishing Ltd.",
	address =      "Birmingham, 35 Livery Street B3 2PB, UK",
	year =         "2014"
}

@Book{Html,
	author =       "Patrick Carey",
	title =        "New Perspectives on HTML5 and CSS3, 7th Edition",
	publisher =    "Cengage Learning.",
	address =      "Boston MA 02210, 20 Channel Street B3 2PB, USA",
	year =         "2017"
}

@Book{Css,
	author =       "Ben Frain",
	title =        "Responsive Web Design with HTML5 and CSS3 --- Second Edition",
	publisher =    "Packt Publishing Ltd.",
	address =      "Birmingham, 35 Livery Street B3 2PB, UK",
	year =         "2015"
}

@Book{Bootstrap,
	author =       "Syed Fazle Rahman",
	title =        "Jump Start Bootstrap",
	publisher =    "Site Point Pty. Ltd.",
	address =      "Victoria, 48 Cambridge Street Collingwood, AUS",
	year =         "2014"
}

@Book{jQuery,
	author =       "Jon Duckett",
	title =        "JavaScript i jQuery --- Interaktywne strony WWW dla każdego",
	publisher =    "Wydawnictwo HELION",
	address =      "Gliwice, ul. Kościuszki 1c, 44-100 Gliwice, PL",
	year =         "2015"
}

@Book{Lamport:LDP85,
  author =       "Leslie Lamport",
  title =        "{\LaTeX} --- A Document Preparation System ---
                 User's Guide and Reference Manual",
  publisher =    pub-AW,
  address =      pub-AW:adr,
  year =         "1985",
  ISBN =         "0-201-15790-X",
  LCCN =         "Z253.4.L38 L35 1986",
  pages =        "xiv + 242",
  bibdate =      "Wed Dec 15 10:38:04 1993",
}

@misc{Less,
	title = "{LESS documentation}",
	howpublished = "[on-line 13.10.2017] 
	\url{http://lesscss.org/}",
}

@misc{Sequel,
	title = "{Sequelize manual}",
	howpublished = "[on-line 08.11.2017] 
	\url{http://docs.sequelizejs.com/}",
}

@misc{Node,
	title = "{Node.js guides}",
	howpublished = "[on-line 13.11.2017] 
	\url{https://nodejs.org/en/docs/guides/}",
}

@misc{Vsc,
	title = "{Visual Studio Code documentation}",
	howpublished = "[on-line 08.09.2017] 
	\url{https://code.visualstudio.com/docs}",
}

@misc{Mys,
	title = "{MySQL Workbench documentation}",
	howpublished = "[on-line 20.09.2017] 
	\url{https://dev.mysql.com/doc/}",
}

@misc{Auth,
	title = "{Auth0 documentation}",
	howpublished = "[on-line 01.10.2017] 
	\url{https://auth0.com/docs/quickstart/spa/angular2}",
}

@misc{Ang,
	title = "{Angular - Reactive Forms guide}",
	howpublished = "[on-line 11.11.2017] 
	\url{https://angular.io/guide/reactive-forms}",
}

@misc{Ans,
	title = "{Angular - Setup for local development guide}",
	howpublished = "[on-line 13.08.2017] 
	\url{https://angular.io/guide/setup}",
}

@misc{fcm-red,
  author = "Zbyszko Kr{\'o}likowski and Maciej Drozdowski",
  title = "{Jak pisać pracę dyplomową? Uwagi o formie. Zasady redakcji pracy dyplomowej.}",
  howpublished = "[on-line] \url{www.fcm.put.poznan.pl/platon/dokumenty/dlaStudentow/egzaminDyplomowy/zasadyRedakcji}",
  year = "2006",
}

@misc{mdro,
  author = "Maciej Drozdowski",
  title = "Jak pisać prace dyplomowe -- uwagi o formie",
  howpublished = "[on-line] \url{http://www.cs.put.poznan.pl/mdrozdowski/dyd/txt/jak_mgr.html}",
  year = {2006},
}